%% This BibTeX bibliography file was created using BibDesk.
%% https://bibdesk.sourceforge.io/

%% Created for Tingyu Wang at 2021-02-11 15:38:36 -0500 


%% Saved with string encoding Unicode (UTF-8) 



@article{DurrantETal2020,
	author = {Durrant, Jacob D and Kochanek, Sarah E and Casalino, Lorenzo and Ieong, Pek U and Dommer, Abigail C and Amaro, Rommie E},
	date-added = {2021-02-08 18:41:11 +0000},
	date-modified = {2021-02-08 18:41:56 +0000},
	doi = {10.1021/acscentsci.9b01071},
	journal = {ACS central science},
	number = {2},
	pages = {189--196},
	publisher = {ACS Publications},
	title = {Mesoscale all-atom influenza virus simulations suggest new substrate binding mechanism},
	volume = {6},
	year = {2020},
	Bdsk-Url-1 = {https://doi.org/10.1021/acscentsci.9b01071}}

@article{FreddolinoETal2006,
	author = {Freddolino, Peter L and Arkhipov, Anton S and Larson, Steven B and McPherson, Alexander and Schulten, Klaus},
	date-added = {2021-02-08 18:29:36 +0000},
	date-modified = {2021-02-08 18:30:45 +0000},
	doi = {10.1016/j.str.2005.11.014},
	journal = {Structure},
	number = {3},
	pages = {437--449},
	publisher = {Elsevier},
	title = {Molecular dynamics simulations of the complete satellite tobacco mosaic virus},
	volume = {14},
	year = {2006},
	Bdsk-Url-1 = {https://doi.org/10.1016/j.str.2005.11.014}}

@unpublished{PyMOL,
	annote = {PyMOL

The PyMOL Molecular Graphics System, Version 1.8, Schr{\"o}dinger, LLC.},
	author = {{Schr\"odinger, LLC}},
	date-added = {2010-08-19 17:29:55 -0400},
	date-modified = {2021-02-06 19:51:03 +0000},
	month = {November},
	note = {\url{https://pymol.org/}},
	title = {The {PyMOL} Molecular Graphics System, Version~1.8},
	year = {2015}}

@article{RoeCheatham2013,
	author = {Roe, Daniel R and Cheatham III, Thomas E},
	journal = {Journal of chemical theory and computation},
	number = {7},
	pages = {3084--3095},
	publisher = {ACS Publications},
	title = {PTRAJ and CPPTRAJ: software for processing and analysis of molecular dynamics trajectory data},
	volume = {9},
	year = {2013}}

@techreport{GowersETal2019,
	author = {Gowers, Richard J and Linke, Max and Barnoud, Jonathan and Reddy, Tyler John Edward and Melo, Manuel N and Seyler, Sean L and Domanski, Jan and Dotson, David L and Buchoux, S{\'e}bastien and Kenney, Ian M and others},
	date-modified = {2021-02-06 19:49:47 +0000},
	institution = {Los Alamos National Lab.(LANL), Los Alamos, NM (United States)},
	title = {{MDAnalysis}: a {Python} package for the rapid analysis of molecular dynamics simulations},
	year = {2019}}

@article{AndrioETal2019,
	author = {Andrio, Pau and Hospital, Adam and Conejero, Javier and Jord{\'a}, Luis and Del Pino, Marc and Codo, Laia and Soiland-Reyes, Stian and Goble, Carole and Lezzi, Daniele and Badia, Rosa M and others},
	date-modified = {2021-02-06 19:49:06 +0000},
	journal = {Scientific Data},
	number = {1},
	pages = {1--8},
	publisher = {Nature Publishing Group},
	title = {{BioExcel Building Blocks}, a software library for interoperable biomolecular simulation workflows},
	volume = {6},
	year = {2019}}

@article{EastmanETal2017,
	author = {Eastman, Peter and Swails, Jason and Chodera, John D and McGibbon, Robert T and Zhao, Yutong and Beauchamp, Kyle A and Wang, Lee-Ping and Simmonett, Andrew C and Harrigan, Matthew P and Stern, Chaya D and others},
	date-modified = {2021-02-06 19:48:11 +0000},
	journal = {PLoS Computational Biology},
	number = {7},
	pages = {e1005659},
	publisher = {Public Library of Science},
	title = {{OpenMM 7}: Rapid development of high performance algorithms for molecular dynamics},
	volume = {13},
	year = {2017}}

@article{WangETal2018,
	author = {Wang, Changhao and Greene, D'Artagnan and Xiao, Li and Qi, Ruxi and Luo, Ray},
	date-modified = {2021-02-06 19:47:36 +0000},
	journal = {Frontiers in Molecular Biosciences},
	pages = {87},
	publisher = {Frontiers},
	title = {Recent developments and applications of the {MMPBSA} method},
	volume = {4},
	year = {2018}}

@article{KumariETal2014,
	author = {Kumari, Rashmi and Kumar, Rajendra and Open Source Drug Discovery Consortium and Lynn, Andrew},
	date-modified = {2021-02-06 19:47:05 +0000},
	journal = {Journal of Chemical Information and Modeling},
	number = {7},
	pages = {1951--1962},
	publisher = {ACS Publications},
	title = {g\_mmpbsa\textemdash A {GROMACS} tool for high-throughput {MM-PBSA} calculations},
	volume = {54},
	year = {2014}}

@article{MillerETal2012,
	author = {Miller III, Bill R and McGee Jr, T Dwight and Swails, Jason M and Homeyer, Nadine and Gohlke, Holger and Roitberg, Adrian E},
	journal = {Journal of chemical theory and computation},
	number = {9},
	pages = {3314--3321},
	publisher = {ACS Publications},
	title = {MMPBSA.py: an efficient program for end-state free energy calculations},
	volume = {8},
	year = {2012}}

@article{HumphreyETal1996,
	author = {Humphrey, William and Dalke, Andrew and Schulten, Klaus and others},
	date-modified = {2021-02-06 19:46:17 +0000},
	journal = {Journal of Molecular Graphics},
	number = {1},
	pages = {33--38},
	publisher = {Guildford: Butterworth Scientific Limited, c1983-c1996.},
	title = {{VMD}: visual molecular dynamics},
	volume = {14},
	year = {1996}}

@article{HarrisBoschitcshFenley2013,
	author = {Harris, Robert C and Boschitsch, Alexander H and Fenley, Marcia O},
	journal = {Journal of chemical theory and computation},
	number = {8},
	pages = {3677--3685},
	publisher = {ACS Publications},
	title = {Influence of grid spacing in Poisson--Boltzmann equation binding energy estimation},
	volume = {9},
	year = {2013}}

@article{JufferETal1991,
	author = {A. H. Juffer and E. F. F. Botta and B. A. M. {v}an { Keulen} and A. {v}an der { P}loeg and H. J. C. Berendsen},
	date-added = {2010-08-30 13:25:26 -0400},
	date-modified = {2010-08-30 13:26:33 -0400},
	journal = {J. Comput.\ Phys.},
	number = {1},
	pages = {144--171},
	title = {The Electric Potential of a Macromolecule in a Solvent: A Fundamental Approach},
	volume = {97},
	year = {1991}}

@article{YoonLenhoff1990,
	author = {B J. Yoon and A. M. Lenhoff},
	date-added = {2012-05-07 20:47:54 +0000},
	date-modified = {2012-10-26 01:18:14 +0000},
	journal = {J. Comput.\ Chem.},
	number = {9},
	pages = {1080--1086},
	title = {A boundary element method for molecular electrostatics with electrolyte effects},
	volume = {11},
	year = {1990}}

@article{LuETal2006,
	author = {Lu, B. and Cheng, X. and Huang, J. and McCammon, J. A.},
	date-added = {2009-10-24 16:22:23 +0100},
	date-modified = {2010-08-30 13:38:46 -0400},
	doi = {10.1073/pnas.0605166103},
	journal = {P.\ Natl.\ Acad.\ Sci. USA},
	keywords = {electrostatics},
	number = {51},
	pages = {19314--19319},
	title = {Order {$N$} algorithm for computation of electrostatic interactions in biomolecular systems},
	volume = {103},
	year = {2006},
	Bdsk-Url-1 = {http://dx.doi.org/10.1073/pnas.0605166103}}

@article{LuETal2009,
	author = {Lu, Benzhuo and Cheng, Xiaolin and Huang, Jingfang and McCammon, J. Andrew},
	date-added = {2010-08-29 23:55:04 -0400},
	date-modified = {2021-02-06 19:58:25 +0000},
	doi = {10.1021/ct900083k},
	eprint = {http://pubs.acs.org/doi/pdf/10.1021/ct900083k},
	journal = {J. Chem.\ Theory Comput.},
	number = {6},
	pages = {1692--1699},
	title = {An Adaptive Fast Multipole Boundary Element Method for {Poisson-Boltzmann} Electrostatics},
	volume = {5},
	year = {2009},
	Bdsk-Url-1 = {http://pubs.acs.org/doi/abs/10.1021/ct900083k},
	Bdsk-Url-2 = {http://dx.doi.org/10.1021/ct900083k}}

@article{MartinezETal2019,
	author = {Mart{\'\i}nez, Mat{\'\i}as and Cooper, Christopher D and Poma, Adolfo B and Guzman, Horacio V},
	journal = {Journal of Chemical Information and Modeling},
	number = {2},
	pages = {974--981},
	publisher = {ACS Publications},
	title = {Free Energies of the Disassembly of Viral Capsids from a Multiscale Molecular Simulation Approach},
	volume = {60},
	year = {2019}}

@article{ZhangETal2019,
	author = {Zhang, Bo and DeBuhr, Jackson and Niedzielski, Drake and Mayolo, Silvio and Lu, Benzhuo and Sterling, Thomas},
	date-modified = {2021-02-06 19:57:21 +0000},
	journal = {Communications in Computational Physics},
	number = {4},
	pages = {1235--1258},
	publisher = {GLOBAL SCIENCE PRESS ROOM 3208, CENTRAL PLAZA, 18 HARBOUR RD, WANCHAI, HONG~{\ldots}},
	title = {{DASHMM} Accelerated Adaptive Fast Multipole {Poisson-Boltzmann} Solver on Distributed Memory Architecture},
	volume = {25},
	year = {2019}}

@article{LotanHead-Gordon2006,
	author = {Lotan, Itay and Head-Gordon, Teresa},
	date-added = {2015-04-30 22:10:21 +0000},
	date-modified = {2015-04-30 22:10:21 +0000},
	journal = {J. Chem.\ Theory Comput.},
	number = {3},
	pages = {541--555},
	publisher = {ACS Publications},
	title = {An analytical electrostatic model for salt screened interactions between multiple proteins},
	volume = {2},
	year = {2006}}

@article{YapHeadgordon2010,
	author = {Yap, Eng-Hui and Head-Gordon, Teresa},
	journal = {Journal of chemical theory and computation},
	number = {7},
	pages = {2214--2224},
	publisher = {ACS Publications},
	title = {New and Efficient Poisson- Boltzmann Solver for Interaction of Multiple Proteins},
	volume = {6},
	year = {2010}}

@article{FelbergETal2017,
	author = {Felberg, Lisa E and Brookes, David H and Yap, Eng-Hui and Jurrus, Elizabeth and Baker, Nathan A and Head-Gordon, Teresa},
	date-modified = {2021-02-06 19:56:50 +0000},
	journal = {Journal of Computational Chemistry},
	number = {15},
	pages = {1275--1282},
	publisher = {Wiley Online Library},
	title = {{PB-AM}: An open-source, fully analytical linear {P}oisson-{B}oltzmann solver},
	volume = {38},
	year = {2017}}

@article{CooperBardhanBarba2014,
	author = {Cooper, Christopher D. and Bardhan, Jaydeep P. and Barba, L.~A.},
	date-added = {2013-12-04 20:15:44 +0000},
	date-modified = {2015-05-03 23:44:12 +0000},
	doi = {10.1016/j.cpc.2013.10.028},
	journal = {Comput. Phys. Commun.},
	keywords = {pygbe, Poisson-Boltzmann, BEM, barbagroup},
	month = {March},
	note = {Preprint on \href{http://arxiv.org/abs/1309.4018}{arXiv:/1309.4018}},
	number = {3},
	pages = {720--729},
	title = {A biomolecular electrostatics solver using {Python}, {GPU}s and boundary elements that can handle solvent-filled cavities and {S}tern layers.},
	volume = {185},
	year = {2014},
	Bdsk-Url-1 = {http://dx.doi.org/10.1016/j.cpc.2013.10.028}}

@article{GengKrasny2013,
	author = {W. H. Geng and R. Krasny},
	date-added = {2013-08-06 20:37:40 +0000},
	date-modified = {2015-06-07 18:08:29 +0000},
	journal = {J. Comput.\ Phys.},
	pages = {62--78},
	title = {A treecode-accelerated boundary integral {Poisson-Boltzmann} solver for solvated biomolecules},
	volume = {247},
	year = {2013}}

@article{ZhangPengHuangPitsianisSunLu2015,
	author = {Zhang, Bo and Peng, Bo and Huang, Jingfang and Pitsianis, Nikos P and Sun, Xiaobai and Lu, Benzhuo},
	date-modified = {2021-02-06 19:55:05 +0000},
	journal = {Computer Physics Communications},
	pages = {173--181},
	publisher = {Elsevier},
	title = {Parallel {AFMPB} solver with automatic surface meshing for calculation of molecular solvation free energy},
	volume = {190},
	year = {2015}}

@article{AltmanBardhanWhiteTidor2009,
	author = {M. D. Altman and J. P. Bardhan and J. K. White and B. Tidor},
	date-modified = {2010-08-29 21:15:03 -0400},
	journal = {J. Comput. Chem.},
	keywords = {electrostatics},
	pages = {132--153},
	title = {Accurate Solution of Multi-region Continuum Electrostatic Problems Using the Linearized {Poisson}--{Boltzmann} Equation and Curved Boundary Elements},
	volume = {30},
	year = {2009}}

@article{BondETal2010,
	author = {Bond, Stephen D and Chaudhry, Jehanzeb Hameed and Cyr, Eric C and Olson, Luke N},
	date-modified = {2021-02-06 19:52:44 +0000},
	journal = {Journal of computational chemistry},
	number = {8},
	pages = {1625--1635},
	publisher = {Wiley Online Library},
	title = {A first-order system least-squares finite element method for the {Poisson-Boltzmann} equation},
	volume = {31},
	year = {2010}}

@article{HolstETal2012,
	author = {M. Holst and J.A. McCammon and Z. Yu and Y.C. Zhou and Y. Zhu},
	date-added = {2020-12-09 12:36:55 -0700},
	date-modified = {2021-02-06 19:54:09 +0000},
	doi = {10.4208/cicp.081009.130611a},
	journal = {Communications in Computational Physics},
	month = {jan},
	number = {1},
	pages = {179--214},
	publisher = {Global Science Press},
	title = {Adaptive Finite Element Modeling Techniques for the {Poisson-Boltzmann} Equation},
	volume = {11},
	year = 2012,
	Bdsk-Url-1 = {https://doi.org/10.4208%2Fcicp.081009.130611a},
	Bdsk-Url-2 = {https://doi.org/10.4208/cicp.081009.130611a}}

@article{BakerETal2001,
	author = {N. A. Baker and D. Sept and M. J. Holst and J. A. Mc{C}ammon},
	date-added = {2010-08-30 13:16:03 -0400},
	date-modified = {2010-08-30 13:16:49 -0400},
	journal = {P.\ Natl.\ Acad.\ Sci. USA},
	pages = {10037--10041},
	title = {Electrostatics of Nanoysystems: Application to microtubules and the ribosome},
	volume = {98},
	year = {2001}}

@article{RocchiaAlexovHonig2001,
	author = {Rocchia, Walter and Alexov, Emil and Honig, Barry},
	date-modified = {2021-02-06 19:51:54 +0000},
	journal = {The Journal of Physical Chemistry B},
	number = {28},
	pages = {6507--6514},
	publisher = {ACS Publications},
	title = {Extending the applicability of the nonlinear {Poisson- Boltzmann} equation: multiple dielectric constants and multivalent ions},
	volume = {105},
	year = {2001}}

@article{HonigNicholls1995,
	author = {Honig, Barry and Nicholls, Anthony},
	journal = {Science},
	number = {5214},
	pages = {1144--1149},
	publisher = {American Association for the Advancement of Science},
	title = {Classical electrostatics in biology and chemistry},
	volume = {268},
	year = {1995}}

@article{DecherchiETal2015,
	author = {Decherchi, Sergio and Masetti, Matteo and Vyalov, Ivan and Rocchia, Walter},
	date-modified = {2021-02-06 19:52:09 +0000},
	journal = {European Journal of Medicinal Chemistry},
	pages = {27--42},
	publisher = {Elsevier},
	title = {Implicit solvent methods for free energy estimation},
	volume = {91},
	year = {2015}}

@article{RouxSimonson1999,
	author = {B. Roux and T. Simonson},
	date-added = {2010-08-19 11:39:21 -0400},
	date-modified = {2010-08-19 11:40:13 -0400},
	journal = {Biophys.\ Chem.},
	keywords = {continuum models},
	pages = {1--20},
	title = {Implicit solvent models},
	volume = {78},
	year = {1999}}

@article{yokota2013fmm,
	author = {Yokota, Rio},
	date-added = {2021-01-20 09:06:11 -0500},
	date-modified = {2021-02-06 19:39:27 +0000},
	journal = {Journal of Algorithms \& Computational Technology},
	number = {3},
	pages = {301--324},
	publisher = {SAGE Publications Sage UK: London, England},
	title = {An {FMM} based on dual tree traversal for many-core architectures},
	volume = {7},
	year = {2013}}

@article{kirkwood1934theory,
	author = {Kirkwood, John G},
	date-added = {2021-01-19 20:19:58 -0500},
	date-modified = {2021-01-19 20:19:58 -0500},
	journal = {The Journal of Chemical Physics},
	number = {7},
	pages = {351--361},
	publisher = {American Institute of Physics},
	title = {Theory of solutions of molecules containing widely separated charges with special application to zwitterions},
	volume = {2},
	year = {1934}}

@article{sevvana2018refinement,
	author = {Sevvana, Madhumati and Long, Feng and Miller, Andrew S and Klose, Thomas and Buda, Geeta and Sun, Lei and Kuhn, Richard J and Rossmann, Michael G},
	date-added = {2021-01-18 19:13:15 -0500},
	date-modified = {2021-02-06 19:44:46 +0000},
	journal = {Structure},
	number = {9},
	pages = {1169--1177},
	publisher = {Elsevier},
	title = {Refinement and analysis of the mature {Zika} virus {cryo-EM} structure at 3.1 {{\AA}} resolution},
	volume = {26},
	year = {2018}}

@article{wlodawer1984structure,
	author = {Wlodawer, Alexander and Walter, Jochen and Huber, Robert and Sj{\"o}lin, Lennart},
	date-added = {2021-01-18 19:10:03 -0500},
	date-modified = {2021-01-18 19:10:03 -0500},
	journal = {Journal of molecular biology},
	number = {2},
	pages = {301--329},
	publisher = {Elsevier},
	title = {Structure of bovine pancreatic trypsin inhibitor: Results of joint neutron and X-ray refinement of crystal form II},
	volume = {180},
	year = {1984}}

@article{cooper2016pygbe,
	author = {Cooper, Christopher D and Clementi, Natalia C and Forsyth, Gilbert and Barba, Lorena A},
	date-added = {2021-01-18 19:07:11 -0500},
	date-modified = {2021-02-06 19:45:30 +0000},
	journal = {Journal of Open Source Software},
	number = {4},
	pages = {43},
	title = {{PyGBe}: Python, {GPUs} and boundary elements for biomolecular electrostatics},
	volume = {1},
	year = {2016}}

@article{lu2010afmpb,
	author = {Lu, Benzhuo and Cheng, Xiaolin and Huang, Jingfang and McCammon, J Andrew},
	date-added = {2021-01-18 16:55:23 -0500},
	date-modified = {2021-02-06 19:56:00 +0000},
	journal = {Computer Physics Communications},
	number = {6},
	pages = {1150--1160},
	publisher = {Elsevier},
	title = {{AFMPB}: an adaptive fast multipole Poisson--Boltzmann solver for calculating electrostatics in biomolecular systems},
	volume = {181},
	year = {2010}}

@article{yokota2012tuned,
	author = {Yokota, Rio and Barba, Lorena A},
	date-added = {2021-01-18 15:14:49 -0500},
	date-modified = {2021-01-18 15:14:49 -0500},
	journal = {The International Journal of High Performance Computing Applications},
	number = {4},
	pages = {337--346},
	publisher = {Sage Publications Sage UK: London, England},
	title = {A tuned and scalable fast multipole method as a preeminent algorithm for exascale systems},
	volume = {26},
	year = {2012}}

@article{cheng1999fast,
	author = {Cheng, Hongwei and Greengard, Leslie and Rokhlin, Vladimir},
	date-added = {2021-01-18 15:04:47 -0500},
	date-modified = {2021-02-06 19:58:59 +0000},
	journal = {Journal of Computational Physics},
	number = {2},
	pages = {468--498},
	publisher = {Academic Press},
	title = {A fast adaptive multipole algorithm in three dimensions},
	volume = {155},
	year = {1999}}

@article{greengard1987fast,
	author = {Greengard, Leslie and Rokhlin, Vladimir},
	date-added = {2021-01-18 09:57:14 -0500},
	date-modified = {2021-02-06 19:58:44 +0000},
	journal = {Journal of Computational Physics},
	number = {2},
	pages = {325--348},
	publisher = {Elsevier},
	title = {A fast algorithm for particle simulations},
	volume = {73},
	year = {1987}}

@article{ying2004kernel,
	author = {Ying, Lexing and Biros, George and Zorin, Denis},
	date-added = {2021-01-16 16:50:51 -0500},
	date-modified = {2021-01-16 16:50:51 -0500},
	journal = {Journal of Computational Physics},
	number = {2},
	pages = {591--626},
	publisher = {Elsevier},
	title = {A kernel-independent adaptive fast multipole algorithm in two and three dimensions},
	volume = {196},
	year = {2004}}

@techreport{mark1999a,
	author = {Embree, Mark},
	date-modified = {2021-02-06 19:42:25 +0000},
	institution = {Oxford University},
	note = {Online at \url{https://ora.ox.ac.uk/objects/uuid:8ca2d383-4d7d-4e21-805c-98e16537d3d3}},
	title = {How descriptive are {GMRES} convergence bounds?},
	year = {1999}}

@article{Hiptmair2006-om,
	author = {Hiptmair, R and Meury, P},
	date-modified = {2021-02-06 19:43:35 +0000},
	journal = {SIAM J. Numer. Anal.},
	month = jan,
	number = 5,
	pages = {2107--2130},
	publisher = {Society for Industrial and Applied Mathematics},
	title = {Stabilized {FEM‐BEM} Coupling for {Helmholtz} Transmission Problems},
	volume = 44,
	year = 2006}
